@book{esl,
  place={New York},
  edition={2},
  title={The elements of Statistical Learning: Data Mining, Inference, and prediction},
  publisher={Springer},
  author={Hastie, Trevor and Tibshirani, Robert and Friedman, J. H.},
  year={2009}} 

@article{Breiman_2001,
  title={Statistical modeling: The two cultures (with comments and a rejoinder by the author)},
  volume={16},
  DOI={10.1214/ss/1009213726},
  number={3},
  journal={Statistical Science},
  author={Breiman, Leo},
  year={2001},
  month={Aug}} 

@article{bart_paper,
  title={Bart: Bayesian additive regression trees},
  volume={4},
  DOI={10.1214/09-aoas285},
  number={1},
  journal={The Annals of Applied Statistics},
  author={Chipman, Hugh A. and George, Edward I. and McCulloch, Robert E.},
  year={2010},
  month={Mar}} 
  
  
  
  
  
  